<?xml version="1.0" encoding="UTF-8"?><collection xmlns="http://www.loc.gov/MARC21/slim"><record><leader>00473nam--2200121-i-4500</leader><controlfield tag="001">000045317</controlfield><controlfield tag="002">20161230</controlfield><controlfield tag="005">20161230201045</controlfield><controlfield tag="008">060222s1000------------r-----000-0-eng-d</controlfield><datafield ind1=" " ind2=" " tag="080"><subfield code="a">65.011</subfield></datafield><datafield ind1=" " ind2=" " tag="245"><subfield code="a">Technology:processes of assessment and choice. report of the nat.acad.of sciences. committee on sciences and astronautics u.s.house of representatives. july 1969</subfield></datafield><datafield ind1=" " ind2=" " tag="260"><subfield code="a">Washington, Superintendent Of Documents U.S.Gouvernment Printing Office, 1969. 163 P</subfield></datafield><datafield ind1=" " ind2=" " tag="852"><subfield code="a">34212</subfield></datafield></record></collection>